@book{linell2004written,
  title={The written language bias in linguistics: Its nature, origins and transformations},
  author={Linell, Per},
  year={2004},
  publisher={Routledge}
}

@misc{rickandmorty,
  title = {Rick and Morty Transcripts},
  howpublished = {\url{http://rickandmorty.wikia.com/}},
  note = {Accessed: 2018-04-22}
}

@inproceedings{norouzi2012hamming,
  title={Hamming distance metric learning},
  author={Norouzi, Mohammad and Fleet, David J and Salakhutdinov, Ruslan R},
  booktitle={Advances in neural information processing systems},
  pages={1061--1069},
  year={2012}
}

@article{gotoh1982improved,
  title={An improved algorithm for matching biological sequences},
  author={Gotoh, Osamu},
  journal={Journal of molecular biology},
  volume={162},
  number={3},
  pages={705--708},
  year={1982},
  publisher={Elsevier}
}


@article{beckner2009language,
  title={Language is a complex adaptive system: Position paper},
  author={Beckner, Clay and Blythe, Richard and Bybee, Joan and Christiansen, Morten H and Croft, William and Ellis, Nick C and Holland, John and Ke, Jinyun and Larsen-Freeman, Diane and Schoenemann, Tom},
  journal={Language learning},
  volume={59},
  number={s1},
  pages={1--26},
  year={2009},
  publisher={Wiley Online Library}
}

@article{medhat2014sentiment,
  title={Sentiment analysis algorithms and applications: A survey},
  author={Medhat, Walaa and Hassan, Ahmed and Korashy, Hoda},
  journal={Ain Shams Engineering Journal},
  volume={5},
  number={4},
  pages={1093--1113},
  year={2014},
  publisher={Elsevier}
}


@inproceedings{sutskever2011generating,
  title={Generating text with recurrent neural networks},
  author={Sutskever, Ilya and Martens, James and Hinton, Geoffrey E},
  booktitle={Proceedings of the 28th International Conference on Machine Learning (ICML-11)},
  pages={1017--1024},
  year={2011}
}

@article{YAN201715,
title = "Towards big topic modeling",
journal = "Information Sciences",
volume = "390",
pages = "15 - 31",
year = "2017",
issn = "0020-0255",
doi = "https://doi.org/10.1016/j.ins.2016.12.014",
author = "JianFeng Yan and Jia Zeng and Zhi-Qiang Liu and Lu Yang and Yang Gao",
keywords = "Big topic modeling, Latent Dirichlet allocation, Communication complexity, Multi-processor architecture, Online belief propagation, Power law"
}

@article{WENYIN20104031,
title = "A short text modeling method combining semantic and statistical information",
journal = "Information Sciences",
volume = "180",
number = "20",
pages = "4031 - 4041",
year = "2010",
issn = "0020-0255",
doi = "https://doi.org/10.1016/j.ins.2010.06.021",
author = "Liu Wenyin and Xiaojun Quan and Min Feng and Bite Qiu",
keywords = "Text similarity, Short text similarity, Information retrieval, Query expansion, Text mining, Question answering"
}

@inproceedings{Goldstein:1999:STD:312624.312665,
 author = {Goldstein, Jade and Kantrowitz, Mark and Mittal, Vibhu and Carbonell, Jaime},
 title = {Summarizing Text Documents: Sentence Selection and Evaluation Metrics},
 booktitle = {Proceedings of the 22Nd Annual International ACM SIGIR Conference on Research and Development in Information Retrieval},
 series = {SIGIR '99},
 year = {1999},
 isbn = {1-58113-096-1},
 location = {Berkeley, California, USA},
 pages = {121--128},
 numpages = {8},
 url = {http://doi.acm.org/10.1145/312624.312665},
 doi = {10.1145/312624.312665},
 acmid = {312665},
 publisher = {ACM},
 address = {New York, NY, USA},
} 

@misc{dumais2001methods,
  title={Methods and apparatus for classifying text and for building a text classifier},
  author={Dumais, Susan T and Heckerman, David and Horvitz, Eric and Platt, John Carlton and Sahami, Mehran},
  year={2001},
  month=feb # "~20",
  publisher={Google Patents},
  note={US Patent 6,192,360}
}

@inproceedings{masataki1996variable,
  title={Variable-order N-gram generation by word-class splitting and consecutive word grouping},
  author={Masataki, Hirokazu and Sgisaka, Yoshinori},
  booktitle={Acoustics, Speech, and Signal Processing, 1996. ICASSP-96. Conference Proceedings., 1996 IEEE International Conference on},
  volume={1},
  pages={188--191},
  year={1996},
  organization={IEEE}
}

@article{yujian2007normalized,
  title={A normalized Levenshtein distance metric},
  author={Yujian, Li and Bo, Liu},
  journal={IEEE transactions on pattern analysis and machine intelligence},
  volume={29},
  number={6},
  pages={1091--1095},
  year={2007},
  publisher={IEEE}
}


@inproceedings{conroy2001text,
  title={Text summarization via hidden markov models},
  author={Conroy, John M and O'leary, Dianne P},
  booktitle={Proceedings of the 24th annual international ACM SIGIR conference on Research and development in information retrieval},
  pages={406--407},
  year={2001},
  organization={ACM}
}

@inproceedings{cohen2003comparison,
  title={A comparison of string metrics for matching names and records},
  author={Cohen, William and Ravikumar, Pradeep and Fienberg, Stephen},
  booktitle={Kdd workshop on data cleaning and object consolidation},
  volume={3},
  pages={73--78},
  year={2003}
}


@inproceedings{bird2004nltk,
  title={NLTK: the natural language toolkit},
  author={Bird, Steven and Loper, Edward},
  booktitle={Proceedings of the ACL 2004 on Interactive poster and demonstration sessions},
  pages={31},
  year={2004},
  organization={Association for Computational Linguistics}
}

@inproceedings{johnson2016densecap,
  title={Densecap: Fully convolutional localization networks for dense captioning},
  author={Johnson, Justin and Karpathy, Andrej and Fei-Fei, Li},
  booktitle={Proceedings of the IEEE Conference on Computer Vision and Pattern Recognition},
  pages={4565--4574},
  year={2016}
}

@inproceedings{honnibal2015improved,
  title={An improved non-monotonic transition system for dependency parsing},
  author={Honnibal, Matthew and Johnson, Mark},
  booktitle={Proceedings of the 2015 Conference on Empirical Methods in Natural Language Processing},
  pages={1373--1378},
  year={2015}
}


@article{DBLP:journals/corr/MikolovSCCD13,
  author    = {Tomas Mikolov and
               Ilya Sutskever and
               Kai Chen and
               Greg Corrado and
               Jeffrey Dean},
  title     = {Distributed Representations of Words and Phrases and their Compositionality},
  journal   = {CoRR},
  volume    = {abs/1310.4546},
  year      = {2013},
  url       = {http://arxiv.org/abs/1310.4546},
  archivePrefix = {arXiv},
  eprint    = {1310.4546},
  timestamp = {Wed, 07 Jun 2017 14:40:03 +0200},
}

@article{BICALHO201766,
title = "A general framework to expand short text for topic modeling",
journal = "Information Sciences",
volume = "393",
pages = "66 - 81",
year = "2017",
issn = "0020-0255",
doi = "https://doi.org/10.1016/j.ins.2017.02.007",
author = "Paulo Bicalho and Marcelo Pita and Gabriel Pedrosa and Anisio Lacerda and Gisele L. Pappa",
keywords = "Topic modeling, Short text, Word vector representation, Pseudo-documents"
}

@article{DBLP:journals/corr/abs-1103-0398,
  author    = {Ronan Collobert and
               Jason Weston and
               L{\'{e}}on Bottou and
               Michael Karlen and
               Koray Kavukcuoglu and
               Pavel P. Kuksa},
  title     = {Natural Language Processing (almost) from Scratch},
  journal   = {CoRR},
  volume    = {abs/1103.0398},
  year      = {2011},
  url       = {http://arxiv.org/abs/1103.0398},
  archivePrefix = {arXiv},
  eprint    = {1103.0398},
  timestamp = {Wed, 07 Jun 2017 14:43:14 +0200},
}

@article{DBLP:journals/corr/ZhangL15,
  author    = {Xiang Zhang and
               Yann LeCun},
  title     = {Text Understanding from Scratch},
  journal   = {CoRR},
  volume    = {abs/1502.01710},
  year      = {2015},
  url       = {http://arxiv.org/abs/1502.01710},
  archivePrefix = {arXiv},
  eprint    = {1502.01710},
  timestamp = {Wed, 07 Jun 2017 14:41:28 +0200},
}